%% This BibTeX bibliography file was created using BibDesk.
%% http://bibdesk.sourceforge.net/

%% Created for David Ramsay at 2016-08-20 16:34:56 -0400 


%% Saved with string encoding Unicode (UTF-8) 


@string{acm = {The OX Association for Computing Machinery}}

@inproceedings{hasen2014,
	Author = {Hasenfratz, David and others},
	Booktitle = {2014 IEEE International Conference on Pervasive Computing and Communications (PerCom)},
	Date-Added = {2016-08-08 03:48:34 +0000},
	Date-Modified = {2016-08-09 23:03:36 +0000},
	Title = {Pushing the Spatio-Temporal Resolution Limit of Urban Air Pollution Maps},
	Year = {2014}}

@techreport{alpha2014,
	Author = {{\relax Alphasense Application Note}},
	Date-Added = {2016-08-08 03:37:37 +0000},
	Date-Modified = {2016-08-19 22:11:59 +0000},
	Lastchecked = {2014},
	Title = {{\relax AAN} 104: How Electrochemical Gas Sensors Work},
	Url = {http://www.alphasense.com/WEB1213/wp-content/uploads/2013/07/AAN_104.pdf},
	Year = {2014},
	Bdsk-Url-1 = {http://www.alphasense.com/WEB1213/wp-content/uploads/2013/07/AAN_104.pdf}}

@manual{williams2014,
	Author = {Williams, Ron and others},
	Date-Added = {2016-08-08 02:29:06 +0000},
	Date-Modified = {2016-08-19 22:05:31 +0000},
	Organization = {EPA Evaluation Report \relax{EPA/600/R-14/464}},
	Title = {Evaluation of Field-deployed Low Cost PM Sensors},
	Year = {2014}}

@conference{morpurgo2012,
	Author = {Morpurgo, Anna and Federico Pedersini and Alessandro Reina},
	Booktitle = {2012 IEEE International},
	Date-Added = {2016-08-08 02:23:09 +0000},
	Date-Modified = {2016-08-08 02:28:04 +0000},
	Journal = {Instrumentation and Measurement Technology Conference (I2MTC)},
	Title = {A Low-Cost Instrument for Environmental Particulate Analysis Based on Optical Scattering},
	Year = {2012}}

@inbook{dep1999,
	Chapter = {5: Methods for Monitoring Particulate Concentration},
	Date-Added = {2016-08-08 02:18:55 +0000},
	Date-Modified = {2016-08-19 21:56:36 +0000},
	Publisher = {Department for Environment, Food, and Rural Affairs},
	Title = {Particulate Matter in the UK},
	Year = {1999}}

@unpublished{epa2014,
	Author = {Environmental Protection Agency},
	Date-Added = {2016-08-08 01:52:30 +0000},
	Date-Modified = {2016-08-08 02:18:29 +0000},
	Title = {National Air Quality and Emissions Trends Report},
	Year = {2014}}

@article{filley1954,
	Author = {Filley, Giles F. and Donald J. MacIntosh and George W. Wright},
	Date-Added = {2016-08-08 01:38:13 +0000},
	Date-Modified = {2016-08-08 01:46:00 +0000},
	Journal = {Journal of Clinical Investigation},
	Number = {4},
	Pages = {530},
	Title = {Carbon Monoxide Uptake and Pulmonary Diffusing Capacity in Normal Subjects at Rest and During Exercise.},
	Volume = {33},
	Year = {1954}}

@report{UNenvProg,
author = {{\relax United Nations}},
title = {World’s population increasingly urban with more than half living in urban areas},
type = {•},
institution = {United Nations Environment Program},
year = {2014},
OPTurl = {http://www.un.org/en/development/desa/news/population/world-urbanization-prospects-2014.html/},
}

