%%BIBLIOGRAPHY

%Introduction
@online{UNenvProg,
author = {{\relax United Nations Environment Program}},
title = {World{'}s population increasingly urban with more than half living in urban areas},
year = {2014},
note = {Available at \url{http://www.un.org/en/development/desa/news/population/world-urbanization-prospects-2014.html}}
}

@Misc{UnitedNations2014,
author={United Nations, Department of Economical and Social Affairs},
title={World Urbanization Prospects: The 2014 Revision, Highlights},
year={2014},
publisher={United Nations},
address={New York},
isbn={978-92-1-151517-6},
url={http://esa.un.org/unpd/wup/Highlights/WUP2014-Highlights.pdf},
note={{ISBN:} 978-92-1-151517-6. Available at \url{http://esa.un.org/unpd/wup/Highlights/WUP2014-Highlights.pdf}}
}

@online{SAEj3016,
author = {Society of Automotive Engineers (SAE)},
title = {Taxonomy and Definitions for Terms Related to On-Road Motor Vehicle Automated Driving Systems},
year = {2014},
note = {Available at \url{http://standards.sae.org/j3016_201401/}. Summary available at \url{https://www.sae.org/misc/pdfs/automated_driving.pdf}}
}

@online{carFree,
author = {Leanna Garfield (Business Insider)},
title = {12 major cities that are starting to go car-free},
year = {2017},
note = {Available at \url{http://www.businessinsider.com/cities-going-car-free-2017-2}}
}

%MEDIA LAB
@online{ml,
author = {About the MIT Media Lab},
note = {\url{https://www.media.mit.edu/about/mission-history/}}
}
@online{cp,
author = {Changing Places group projects},
note = {\url{http://cp.media.mit.edu/}}
}
@online{kll,
author = {Kent Larson, Changing Places group principal investigator},
note = {\url{https://www.media.mit.edu/people/kll/overview/}}
}
@online{pev,
author = {PEV information},
note = {\url{http://cp.media.mit.edu/pev/}}
}


%AMAZON
@online{amazon,
author = {Amazon.com product example},
note = {\url{https://www.amazon.com/Schwinn-Meridian-Adult-26-Inch-3-Wheel/dp/B01I92S3F4}}
}
@online{perl,
title = {Perl scripts for Amazon reviews downloader and parser},
author = {Andrea Esuli},
note = {\url{https://github.com/aesuli/Amazon-downloader}}
}
@online{amazon_dataset,
title = {Amazon product data},
author = {Julian McAuley, Assistant Professor \@ UC San Diego},
note = {\url{http://jmcauley.ucsd.edu/data/amazon/}}
}

@inproceedings{mcauley2015,
  title={ CSE 190 Data Mining and Predictive Analytics. Lecture 13, sliden63},
  author={McAuley, Julian John},
  booktitle={Proceedings of the 22nd international conference on World Wide Web},
  year={2015},
  organization={UCSD},
  note = {Available at \url{http://cseweb.ucsd.edu/~jmcauley/cse190/slides/week8/lecture13.pdf}}
}
@book{rake,
title = {Automatic Keyword Extraction from Individual Documents},
author = {Rose, Stuart and Engel, Dave and Cramer, Nick and Cowley, Wendy},
publisher = {John Wiley & Sons, Ltd},
isbn = {9780470689646},
url = {http://dx.doi.org/10.1002/9780470689646.ch1},
doi = {10.1002/9780470689646.ch1},
pages = {1--20},
keywords = {benchmark evaluation, information retrieval (IR) systems, rapid automatic keyword extraction (RAKE), stoplist generation},
booktitle = {Text Mining},
year = {2010},
note = {Available at \url{http://dx.doi.org/10.1002/9780470689646.ch1}}
}
%Tilting Vehicles

%CARVER Folder
@manual{ClassAvec04,
    author = {Vehicle Class and C. R. Van Den Brink and H. M. Kroonen},
    title = {AVEC {'}04 DVC - The banking technology driving the CARVER},
    year = {2004},
    note = {Available at \url{http://www.carver-technology.com/PDF/brink_AVEC_2004.pdf}}
}
@inproceedings{van1997dynamic,
  title={Dynamic vehicle control for enclosed narrow vehicles},
  author={van den Brink, CR and Kroonen, HM},
  booktitle={Volume I EAEC 6th European Congress "Lightweight and small cars: The answer to Future Needs"},
  pages={217--226},  year={1997},
  note = {Available at \url{http://www.carver-technology.nl/PDF/brink_EAEC_Cernobbio_1997.pdf}}
}
@inproceedings{van1999realization,
  title={Realization of high performance man wide vehicles (MWVs) with an automatic active tilting mechanism},
  author={van den Brink, CR},
  booktitle={Proceedings EAEC European Automotive Congress "Vehicle Systems Technology for the Next Century: Conference II--Vehicle Dynamics and Active Safety", Barcelona},
  pages={41--49},  year={1999},
  note = {Available at \url{ http://carver-technology.com/PDF/brink_EAEC_Barcelona_1999.pdf}}
}
%low center of gravity
@online{tango,
title = {Tango - lowest center of gravity of any car},
author = {Commuter Cars},
note = {\url{http://www.commutercars.com/}}
}
@online{twizy,
title = {Twizy - compact electric vehicle},
author = {Renault},
note = {\url{https://www.renault.co.uk/vehicles/new-vehicles/twizy.html}}
}

%other three wheeler vehicles
@online{leanmachine,
title = {Lean Machine},
author = {General Motors},
note = {\url{http://www.carstyling.ru/en/car/1982_gm_lean_machine/}}
}
@online{f300,
title = {Life Jet F300},
author = {Mercedes Benz},
note = {\url{http://www.evo.co.uk/mercedes/18241/concept-cars-the-mercedes-benz-f300-life-jet}}
}
@online{piaggio,
title = {MP3 Hybrid 300IE},
author = {Piaggio},
note = {\url{http://www.piaggio.com/mp3/en_EN/models/hybrid/hybrid-300IE/}}
}
@online{bmw,
title = {Simple Concept},
author = {BMW},
note = {\url{http://www.evo.co.uk/bmw/10617/bmw-simple-concept}}
}
@online{clever,
title = {CLEVER},
author = {University of Bath and BMW},
note = {\url{http://www.bmwblog.com/2009/10/09/bmw-unveils-clever-concept/}}
}
@online{veleon,
title = {Veleon},
author = {Adomeit Group GmbH},
note = {\url{http://www.veleon.de/eng/veleon.htm#vielfalt}}
}
@online{carqon,
title ={Carqon},
author = {Protanium},
note = {\url{http://www.carqon.com/}}
}
@online{trego,
author = {Trego},
note = {\url{http://trego-trolley.com/}}
}
@online{kaylad,
title = {Kaylad-e},
author = {Dimitris-Niavis},
note = {\url{http://newatlas.com/kaylad-2-electric-tricycle/23049/}}
}


%H2 Theory Folder
@book{Wonham:1614618,
	author= "Wonham, W Murray",
	title = "{Linear multivariable control a geometric approach; 2nd ed.}",
	publisher     = "Springer", address       = "New York",
	series        = "Applications of Mathematics",  year          = "1979",
	note = {Available at \url{http://cds.cern.ch/record/1614618}},
}
@manual{kCraig,
    author = {Dr. Kevin Craig, Professor of Mechanical Engineering, Rensselaer Polytechnic Institute},
    title = {Disturbance Response Notes},
    note = {Available at \url{http://studylib.net/doc/18342577/disturbance-response}}
}
@manual{rob3,
    author = {Professor Hannu T. Toivonen, Department of Information Technologies, \r{A}bo Akademi University},
    title = {The H2-optimal control problem},   year={2000},
    note = {Available at \url{http://users.abo.fi/htoivone/courses/robust/rob3.pdf}}
}
@book{control-system-design,
	title = "Control System Design - An Introduction to State-Space Methods",
	author = "Friedland, Bernard",
	year = "1986",
	note = {Chapter 9. Linear, Quadratic Optimum Control. Available at \url{http://app.knovel.com/hotlink/toc/id:kpCSDAISS1/control-system-design/control-system-design} {ISBN:} 978-0-486-44278-5},
	publisher = "Dover Publications",
}
@manual{lec5,
    author = {Prof. Dr. Carsten Scherer, University of Stuttgart},
    title = {LQ Optimal Control},    year={2013},
    note = {Available at \url{http://www.mathematik.uni-stuttgart.de/studium/infomat/mst/linearekontrolltheorie/folien/lec5.pdf}}
}
@phdthesis{mourad:tel-00787310,
  TITLE = {{Active lateral acceleration control of a narrow tilting vehicle}},
  AUTHOR = {Mourad, Lama},  URL = {https://tel.archives-ouvertes.fr/tel-00787310},
  NUMBER = {2012EMNA0048},  SCHOOL = {{Ecole des Mines de Nantes}},  YEAR = {2012},  MONTH = Dec,
  KEYWORDS = {H2 control ; Lateral stability ; Robust control ; Narrow tilting vehicle ; Vehicle dynamics ; Gain scheduled controller ; Flatness based control ; V{\'e}hicule {\'e}troit inclinable ; Dynamique v{\'e}hicule ; Stabilit{\'e} lat{\'e}rale ; Commande robuste ; Commande H2 ; R{\'e}gulateur interpol{\'e} ; Commande par platitude},  TYPE = {Theses},
  note = {Available at \url{https://tel.archives-ouvertes.fr/tel-00787310/file/Mourad_L_12_2012.pdf}},
  HAL_ID = {tel-00787310},  HAL_VERSION = {v1},
}
@Inbook{Saleh2012,
	author="Saleh, Louay and Chevrel, Philippe and Lafay, Jean-Fran{\c{c}}ois",
	editor="Sipahi, Rifat and Vyhl{\'i}dal, Tom{\'a}{\v{s}} and Niculescu, Silviu-Iulian and Pepe, Pierdomenico",
	title="Optimal Control with Preview for Lateral Steering of a Passenger Car: Design and Test on a Driving Simulator",
	bookTitle="Time Delay Systems: Methods, Applications and New Trends",year="2012",
	publisher="Springer Berlin Heidelberg",address="Berlin, Heidelberg",pages="173--185",
	isbn="978-3-642-25221-1",doi="10.1007/978-3-642-25221-1_13",
	note = {Available at \url{http://dx.doi.org/10.1007/978-3-642-25221-1_13} {ISBN:}978-3-642-25221-1}
}
@book{Zhou:1996:ROC:225507,
 author = {Zhou, Kemin and Doyle, John C. and Glover, Keith},
 title = {Robust and Optimal Control}, year = {1996},
 note = {{ISBN:}0-13-456567-3},
 isbn = {0-13-456567-3},
 publisher = {Prentice-Hall, Inc.}, address = {Upper Saddle River, NJ, USA},
}



%Other Tilting Projects
@article{roqueiro2013sliding,
  title={A sliding mode controlled three wheeled narrow vehicle},
  author={Roqueiro, Nestor and Fossas-Colet, Enric and Gaudezi de Faria, Marcelo},
  journal={International journal of vehicle design},
  volume={62},  number={2-4},  pages={123--146},  year={2013},
  publisher={Inderscience Publishers Ltd},
  note = {Available at \url{http://www.inderscienceonline.com/doi/abs/10.1504/IJVD.2013.052706}}
}
@article{meiry1968active,
  title={An active roll mode suspension system for ground vehicles},
  author={Meiry, JL and Roeseler, WG},  year={1968},
  note = {Available at \url{http://fluidsengineering.asmedigitalcollection.asme.org/pdfaccess.ashx?url=/data/journals/jfega4/27314/167_1.pdf}}
}
@article{vanderbyl2014project,
  title={Project Proposal and Feasibility Study},
  author={Vanderbyl, Josh and DeVries, Zak and Ourensma, Nico and DeMeester, Ryan and Nielsen, Ned},
  year={2014},
  note = {Available at \url{https://pdfs.semanticscholar.org/7302/3920a2a80db802ad82abc57e54c448ea5602.pdf}}
}
@manual{ackerman,
    author = {Dr. Joey K. Parker, Room 282 Hardaway (348-1654), jparker@eng.ua.edu},
    title = {Ackerman Steering in Race Cars},
    year={2010},
    note = {Available at \url{http://www.me.ua.edu/me364/PDF/Steering_Ackerman.pdf}}
}
@book{iturriagagoitia2014teoria,
  title={Teor{\'\i}a de m{\'a}quinas Segunda Edici{\'o}n},
  author={Iturriagagoitia, Alejo Avello},  year={2014},
  publisher={Escuela Superior de Ingenieros Industriales - Universidad de Navarra},
  note = {Available at \url{http://hdl.handle.net/10171/34797}}
}
@book{ADA319975,
  title={Volume II. Flying Qualities Phase. Chapter 4: Equations of Motion},
  author={Air Force Test Pilot School Edwards AFB CA},  year={1988},  month = Oct,
  note = {Available at \url{http://www.dtic.mil/get-tr-doc/pdf?AD=ADA319975}}  
}
@article{gil2010fundamentos,
  title={Fundamentos de Control Autom{\'a}tico de Sistemas Continuos y Muestreados},
  author={Gil, Jorge Juan and Rubio-D{\'\i}az-Cordov{\'e}s, {\'A}ngel},  year={2010},
  publisher={Escuela Superior de Ingenieros Industriales - Universidad de Navarra},
  note = {Available at \url{http://hdl.handle.net/10171/7096}}
}
@article{how200616,
  title={16.323 Principles of Optimal Control, Spring 2006},
  author={How, Jonathan P},  year={2006},
  publisher={Massachusetts Institute of Technology},
  note = {Available at \url{http://hdl.handle.net/1721.1/45583}}
}
@article{how20072,
  title={2.003J Engineering Dynamics, Fall 2007},
  author={Prof. J. Kim Vandiver, Prof. David Gossard},  year={2007},
  publisher={Massachusetts Institute of Technology},
  note = {Available at \url{https://ocw.mit.edu/courses/mechanical-engineering/2-003sc-engineering-dynamics-fall-2011/newton2019s-laws-vectors-and-reference-frames/MIT2_003SCF11Kinematic.pdf}}
}
@article{Pendulums_j.peraire,
    author = {Lecture L Pendulums},
    title = {J. Peraire, S. Widnall 16.07 Dynamics Fall 2008 Version 1.0},   year = {2008},
    publisher={Massachusetts Institute of Technology},
  	note = {Available at \url{http://hdl.handle.net/1721.1/60691}}
}




%Tire Stiffness
@inproceedings{windes2013experimental,
  title={Experimental Determination of Bike Tire Stiffnesses},
  author={Windes, Peter and Archibald, Mark and Joseph, Bryan},  year={2013},
  publisher={Proceedings of the 2013 ASEE North-Central Section Conference},
  note = {Available at \url{http://people.cst.cmich.edu/yelam1k/asee/proceedings/2013/papers/97.pdf}}
}
@incollection{Pacejka20121,
	title = "Chapter 1 - Tire Characteristics and Vehicle Handling and Stability ",
	editor = "Pacejka, Hans B. ",	booktitle = "Tire and Vehicle Dynamics (Third Edition) ",
	publisher = "Butterworth-Heinemann",edition = "Third Edition",address = "Oxford",
	year = "2012",pages = "1 - 58",isbn = "978-0-08-097016-5",
	doi = "http://doi.org/10.1016/B978-0-08-097016-5.00001-2",
	url = "http://www.sciencedirect.com/science/article/pii/B9780080970165000012",
	author = "Hans B. Pacejka",
	note = {Available at \url{http://doi.org/10.1016/B978-0-08-097016-5.00001-2} {ISBN:} 978-0-08-097016-5}
}
@incollection{Abe20155,
	title = "Chapter 2 - Tire Mechanics ",
	editor = "Abe, Masato ",	booktitle = "Vehicle Handling Dynamics (Second Edition) ",
	publisher = "Butterworth-Heinemann",edition = "Second Edition",
	year = "2015",pages = "5 - 44",isbn = "978-0-08-100390-9",
	doi = "http://doi.org/10.1016/B978-0-08-100390-9.00002-6",
	url = "http://www.sciencedirect.com/science/article/pii/B9780081003909000026",
	note = {Available at \url{http://doi.org/10.1016/B978-0-08-100390-9.00002-6} {ISBN:} 978-0-08-100390-9},
	author = "Masato Abe",
}
@phdthesis{ahn2011robust,
  title={Robust Estimation of Road Friction Coefficient for Vehicle Active Safety Systems},
  author={Ahn, Chang Sun},  year={2011},  school={The University of Michigan},
  note = {Available at \url{https://deepblue.lib.umich.edu/bitstream/handle/2027.42/84523/sunahn_1.pdf}}
}
@article{windes2013experimental2,
  title={Experimental Testing for the Cornering Stiffnesses of Bike Tires},
  author={Windes, Peter and Archibald, Mark and Joseph, Bryan},  year={2013},
  note = {Available at \url{http://www.gcc.edu/Documents/Academics/Mechanical%20Engineering/Windes_Archibald_2012_ASEE.pdf}}
}
@article{Kuo:2007:MDB:1486744.1486746,
	 author = {Kuo, Jian-Long and Wang, Tsung-Yu},
	 title = {Modeling and Derivation of Back EMF and Torque Constants of Gearless Flat-type Brushless DC Motor},
	 journal = {WSEAS Trans. Sys. Ctrl.}, issue_date = {November 2007}, volume = {2}, number = {11},
	 month = nov, year = {2007}, issn = {1991-8763}, pages = {504--514}, numpages = {11},
	 url = {http://dl.acm.org/citation.cfm?id=1486744.1486746}, acmid = {1486746},
	 publisher = {World Scientific and Engineering Academy and Society (WSEAS)},
	 address = {Stevens Point, Wisconsin, USA},
	 keywords = {back EMF constant, brushless motor, flat-type, gearless, torque constant},
	 note = {Available at \url{http://dl.acm.org/citation.cfm?id=1486744.1486746}}
}
@article{ E1EEFQ_2014_v9n3_866,
	title={Brushless DC Motor Electromagnetic Torque Estimation with Single-Phase Current Sensing},
	volume={3} ,url={http://dx.doi.org/10.5370/JEET.2014.9.3.866}, DOI={10.5370/JEET.2014.9.3.866},
	number= {3} , journal={Journal of Electrical Engineering and Technology} ,
	publisher={The Korean Institute of Electrical Engineers} ,
	author={Cham, Chin-Long and Samad, Zahurin Bin} ,
	year={2014} , month={May},
	note = {Available at \url{http://dx.doi.org/10.5370/JEET.2014.9.3.866}}
}



%Active Tilting
@ARTICLE{6718083, 
	author={L. Mourad and F. Claveau and P. Chevrel}, 
	journal={IEEE Transactions on Intelligent Transportation Systems}, 
	title={Direct and Steering Tilt Robust Control of Narrow Vehicles}, 
	year={2014}, volume={15}, number={3}, pages={1206-1215}, 
	keywords={H2 control;automobiles;feedforward;motorcycles;multivariable control systems;road traffic control;robust control;scheduling;steering systems;vehicle dynamics;DTC;H2 control;NTV dynamic performances;STC;city car generation;direct tilt control;energy consumption;feedforward anticipative part;gain-scheduling solution;height-to-breadth ratio;lateral acceleration;lateral assistance controllers;lateral stability;longitudinal speed variations;motorcycle;multivariable control tools;narrow tilting vehicles;steering signal;steering tilt robust control;three-degree-of-freedom model;two-DoF low-order controller;Acceleration;Actuators;Gravity;Mathematical model;Standards;Vehicle dynamics;Vehicles;$H_{2}$ control;Gain-scheduling;narrow tilting vehicle (NTV);robust multivariable control;two-degree-of-freedom (DoF) control;vehicle dynamics}, 
	doi={10.1109/TITS.2013.2295684}, 
	ISSN={1524-9050}, 
	month={June},
	note = {Available at \url{http://ieeexplore.ieee.org/document/6718083/}}
}
@Inbook{Verl2016,
	author={Verl{\'e}, A. and Fisette, P.},
	chapter={Design of an active tilting three-wheeler: Optimization of the dynamic performances via multibody simulations},year={2016},month={Apr},day={14},publisher={CRC Press},pages={219-228},
	isbn={978-1-138-02885-2},doi={10.1201/b21185-25},
	note = {Available at \url{http://dx.doi.org/10.1201/b21185-25}}
}
@INPROCEEDINGS{6974300, 
	author={F. Claveau and P. Chevrel and L. Mourad}, 
	booktitle={2014 IEEE International Conference on Systems, Man, and Cybernetics (SMC)}, 
	title={Non-linear control of a Narrow Tilting Vehicle}, year={2014}, pages={2488-2494}, 
	keywords={attitude control;multivariable control systems;nonlinear control systems;road vehicles;robust control;steering systems;vehicle dynamics;4 DoF model;NTV lateral dynamics;NTV longitudinal dynamics;differential flatness;direct tilt control;lateral stability;linear robust control theory;multivariable control strategies;narrow tilting vehicle nonlinear control;steering tilt control;tilting systems;Gravity;Mathematical model;State feedback;Tires;Vehicle dynamics;Vehicles;Wheels;Flat Systems;Narrow Tilting Vehicle (NTV);Non-Linear State Feedback;Vehicle Dynamics}, 
	doi={10.1109/SMC.2014.6974300}, ISSN={1062-922X}, month={Oct},
	note = {Available at \url{http://ieeexplore.ieee.org/abstract/document/6974300/}}
}
@article{fachrudin2010model,
  title={Model and Simulation of Vehicle Lateral Stability Control},
  author={Fachrudin, H and Sutantra, Nyoman},
  journal={2nd APTECS},  pages={26},  year={2010},
  note = {Available at \url{https://www.researchgate.net/publication/239154695_Model_and_Simulation_of_Vehicle_Lateral_Stability_Control}}
}
@article{pohl2006research,
  title={A research threewheeler vehicle with processor controlled tilting and steering mechanism},
  author={Pohl, Michael and Conrads, Axel},
  journal={Research and Education in Mechatronics-KTH, Stockholm, Sweden--2006},  year={2006},
  note = {Available at \url{http://www.kahlert.com/web/download/threewheeler.pdf}}
}
@article{doi:10.1080/00423110701352987,
	author = { S.   Kidane  and  L.   Alexander  and  R.   Rajamani  and  P.   Starr  and  M.   Donath },
	title = {A fundamental investigation of tilt control systems for narrow commuter vehicles},
	journal = {Vehicle System Dynamics},volume = {46},number = {4},pages = {295-322},year = {2008},
	doi = {10.1080/00423110701352987},
	URL = { http://www.tandfonline.com/doi/abs/10.1080/00423110701352987},
	eprint = { http://www.tandfonline.com/doi/pdf/10.1080/00423110701352987},
	note = {Available at \url{http://www.tandfonline.com/doi/abs/10.1080/00423110701352987}}
}
@INPROCEEDINGS{1657654, 
author={S. Kidane and L. Alexander and R. Rajamani and P. Starr and M. Donath}, 
booktitle={2006 American Control Conference}, 
title={Road bank angle considerations in modeling and tilt stability controller design for narrow commuter vehicles}, 
year={2006}, 
pages={6 pp.-},  
doi={10.1109/ACC.2006.1657654}, 
ISSN={0743-1619}, 
month={June},
note={Available at \url{http://ieeexplore.ieee.org/abstract/document/1657654/}}
}
@article{MOURAD20116254,
	title = "A Lateral Control Strategy for Narrow Tilting Commuter Vehicle Based on the Perceived Lateral Acceleration.",
	journal = "IFAC Proceedings Volumes",volume = "44",number = "1",pages = "6254 - 6259",
	year = "2011",issn = "1474-6670",doi = "http://dx.doi.org/10.3182/20110828-6-IT-1002.02499",
	url = "http://www.sciencedirect.com/science/article/pii/S1474667016446070",
	author = "L. Mourad and F. Claveau and Ph. Chevrel",
	keywords = {"Tilting Vehicle","LQR Control Method","Lateral Stability",
	"Vehicle Dynamics","Robust Stability"},
	note = {Available at \url{https://doi.org/10.3182/20110828-6-IT-1002.02499}}
}
@article{piyabongkarn2004active,
  title={Active direct tilt control for stability enhancement of a narrow commuter vehicle},
  author={Piyabongkarn, D and Keviczky, T and Rajamani, R},
  journal={International Journal of Automotive Technology},
  volume={5},  number={2},  pages={77--88},  year={2004},
  note = {Available at \url{https://pdfs.semanticscholar.org/b079/59e2ab35f552f1b06209af731e148e32a0ec.pdf}}
}
@article{doi:10.1080/0042311042000266810,
	author = { J.   Gohl  and  R.   Rajamani  and  L.   Alexander  and  P.   Starr },
	title = {Active Roll Mode Control Implementation on a Narrow Tilting Vehicle},
	journal = {Vehicle System Dynamics},
	volume = {42},number = {5},pages = {347-372},year = {2004},
	doi = {10.1080/0042311042000266810},
	URL = {http://dx.doi.org/10.1080/0042311042000266810},
	eprint = { http://dx.doi.org/10.1080/0042311042000266810},
	note = {Available at \url{http://dx.doi.org/10.1080/0042311042000266810}}
}
@article{doi:10.1080/00423119808969376,
	author = { Antony Snell },
	title = {An Active Roll-Moment Control Strategy for Narrow Tilting Commuter Vehicles},
	journal = {Vehicle System Dynamics},
	volume = {29},number = {5},pages = {277-307},year = {1998},
	doi = {10.1080/00423119808969376},
	URL = { http://dx.doi.org/10.1080/00423119808969376},
	eprint = { http://dx.doi.org/10.1080/00423119808969376},
	note = {Available at \url{http://dx.doi.org/10.1080/00423119808969376}}
}
@ARTICLE{5356230, 
	author={S. Kidane and R. Rajamani and L. Alexander and P. J. Starr and M. Donath}, 
	journal={IEEE Transactions on Control Systems Technology}, 
	title={Development and Experimental Evaluation of a Tilt Stability Control System for Narrow Commuter Vehicles}, 
	year={2010}, volume={18}, number={6}, pages={1266-1279}, 
	keywords={actuators;attitude control;braking;position control;road vehicles;stability;actuators;compound control system;direct tilt control system;narrow commuter vehicles;steering tilt control system;tilt brake system;tilt stability control;vehicle lane change maneuver;vehicle turn maneuver;Actuators;Control systems;Fuels;Gravity;Mechanical engineering;Road transportation;Stability;Torque;Vehicle dynamics;Wheels;Narrow vehicle;roll control;roll dynamics;rollover prevention;tilt control}, 
	doi={10.1109/TCST.2009.2035819}, 
	ISSN={1063-6536}, month={Nov},
	note = {Available at \url{http://ieeexplore.ieee.org/document/5356230/}}
}
@INPROCEEDINGS{1024026, 
	author={J. Gohl and R. Rajamani and L. Alexander and P. Starr}, 
	booktitle={Proceedings of the 2002 American Control Conference (IEEE Cat. No.CH37301)}, 
	title={The development of tilt-controlled narrow ground vehicles}, 
	year={2002}, volume={3}, pages={2540-2545 vol.3}, 
	keywords={attitude control;road vehicles;automatic tilt control;automatic tilting;balancing;commuter vehicles;safety;tilt;urban transportation;Acceleration;Automatic control;Control systems;Land vehicles;Motorcycles;Prototypes;Transportation;Urban pollution;Vehicle driving;Vehicle safety}, 
	doi={10.1109/ACC.2002.1024026}, 
	ISSN={0743-1619}, month={May},
	note = {Available at \url{http://ieeexplore.ieee.org/abstract/document/1024026/}}
}
@article{gohl2006development,
  title={Development of a novel tilt-controlled narrow commuter vehicle},
  author={Gohl, J and Rajamani, Rajesh and Starr, P and Alexander, Lee},
  year={2006},
  note = {Available at \url{http://www.its.umn.edu/Publications/ResearchReports/reportdetail.html?id=1057}}
}
@ARTICLE{6718083, 
	author={L. Mourad and F. Claveau and P. Chevrel}, 
	journal={IEEE Transactions on Intelligent Transportation Systems}, 
	title={Direct and Steering Tilt Robust Control of Narrow Vehicles}, 
	year={2014}, volume={15}, number={3}, pages={1206-1215}, 
	keywords={H2 control;automobiles;feedforward;motorcycles;multivariable control systems;road traffic control;robust control;scheduling;steering systems;vehicle dynamics;DTC;H2 control;NTV dynamic performances;STC;city car generation;direct tilt control;energy consumption;feedforward anticipative part;gain-scheduling solution;height-to-breadth ratio;lateral acceleration;lateral assistance controllers;lateral stability;longitudinal speed variations;motorcycle;multivariable control tools;narrow tilting vehicles;steering signal;steering tilt robust control;three-degree-of-freedom model;two-DoF low-order controller;Acceleration;Actuators;Gravity;Mathematical model;Standards;Vehicle dynamics;Vehicles;$H_{2}$ control;Gain-scheduling;narrow tilting vehicle (NTV);robust multivariable control;two-degree-of-freedom (DoF) control;vehicle dynamics}, 
	doi={10.1109/TITS.2013.2295684}, 
	ISSN={1524-9050}, 
	month={June},
	note = {Available at \url{http://ieeexplore.ieee.org/document/6718083/}}
}
@article{doi:10.1080/00423114.2010.503277,
	author = { Nicola   Amati  and  Andrea   Festini  and  Luigi   Pelizza  and  Andrea   Tonoli },
	title = {Dynamic modelling and experimental validation of three wheeled tilting vehicles},
	journal = {Vehicle System Dynamics},
	volume = {49},number = {6},pages = {889-914},year = {2011},
	doi = {10.1080/00423114.2010.503277},URL = { http://dx.doi.org/10.1080/00423114.2010.503277 },
	eprint = { http://dx.doi.org/10.1080/00423114.2010.503277},
	note = {Available at \url{http://dx.doi.org/10.1080/00423114.2010.503277}}
}
@article{zandieh2015dynamics,
  title={Dynamics of a Three\_Wheel Vehicle with Tadpole Design},
  author={Zandieh, Azadeh},  year={2015},  publisher={University of Waterloo},
  note = {Available at \url{https://uwspace.uwaterloo.ca/bitstream/handle/10012/9071/Zandieh_Azadeh.pdf}}
}
@patent{carabelli2009vehicle,
  title={Vehicle with tilting suspension system},
  author={Carabelli, S. and Cavalli, F. and Fariello, M. and Festini, A. and Tonoli, A.},
  url={https://google.com/patents/EP1798081B1?cl=pt},
  year={2009},  month=sep,  publisher={Google Patents},
  note={EP Patent 1,798,081. Available at \url{https://google.com/patents/EP1798081B1?cl=pt}},
}
@article{doi:10.1076/mcmd.9.2.209.16521,
	author = { R.   Rajamani  and  J.   Gohl  and  L.   Alexander  and  P.   Starr },
	title = {Dynamics of Narrow Tilting Vehicles},
	journal = {Mathematical and Computer Modelling of Dynamical Systems},
	volume = {9},number = {2},pages = {209-231},year = {2003},
	doi = {10.1076/mcmd.9.2.209.16521},
	URL = {http://www.tandfonline.com/doi/abs/10.1076/mcmd.9.2.209.16521},
	eprint = { http://www.tandfonline.com/doi/pdf/10.1076/mcmd.9.2.209.16521},
	note = {Available at \url{http://www.tandfonline.com/doi/abs/10.1076/mcmd.9.2.209.16521}}
}
@inproceedings{2014-01-0087,
	author="Shinhoon Kim and John McPhee and Nasser Lashgarian Azad",
	publisher="SAE International",
	title="Improving Stability of a Narrow Track Personal Vehicle using an Active Tilting System",
	booktitle="SAE Technical Paper",  year="2014",month="04",
	url="http://dx.doi.org/10.4271/2014-01-0087",  doi="10.4271/2014-01-0087",
	note = {Available at \url{http://dx.doi.org/10.4271/2014-01-0087}}
} 
@Inbook{Rajamani2012,
	author="Rajamani, Rajesh",
	title="Lateral Vehicle Dynamics",
	bookTitle="Vehicle Dynamics and Control",
	year="2012",publisher="Springer US",address="Boston, MA",pages="15--46",
	isbn="978-1-4614-1433-9",doi="10.1007/978-1-4614-1433-9_2",
	url="http://dx.doi.org/10.1007/978-1-4614-1433-9_2",
	note = {Available at \url{https://link.springer.com/chapter/10.1007/978-1-4614-1433-9_2}}
}
@article{bath40167,
	volume = {229}, number = {3},
	month = {February}, author = {Johan Berote and Jos Darling and Andrew Plummer},
	title = {Lateral dynamics simulation of a three-wheeled tilting vehicle},
	journal = {Proceedings of the Institution of Mechanical Engineers, Part D: Journal of Automobile Engineering},
	pages = {342--356}, year = {2015},
	keywords = {alternative vehicle designs, automobiles: multi-body dynamics, automotive},
	url = {http://opus.bath.ac.uk/40167/},
	doi = {10.1177/0954407014542625},
	note= {Available at \url{http://opus.bath.ac.uk/40167/}}
}
@inproceedings{vieira2009modelling,
  title={Modelling a tilting three-wheeled narrow vehicle with six degrees of freedom},
  author={Vieira, RS and Nicolazzi, Lauro C and Roqueiro, N},
  booktitle={COBEM 2009, 20th International Congress of Mechanical Engineering},
  year={2009},
  organization={COBEM},
  note= {Available at \url{http://www.abcm.org.br/anais/cobem/2009/pdf/COB09-1999.pdf}}
}
@Article{Edelmann2011,
	author="Edelmann, Johannes and Pl{\"o}chl, Manfred and Lugner, Peter",
	title="Modelling and analysis of the dynamics of a tilting three-wheeled vehicle",
	journal="Multibody System Dynamics",
	year="2011",volume="26",number="4",pages="469--487",issn="1573-272X",
	doi="10.1007/s11044-011-9258-7",url="http://dx.doi.org/10.1007/s11044-011-9258-7",
	note= {Available at \url{http://dx.doi.org/10.1007/s11044-011-9258-7}}
}
@book{festini2011urban,
  title={Urban and extra urban vehicles: re-thinking the vehicle design},
  author={Festini, Andrea and Tonoli, Andrea and Zenerino, Enrico},
  year={2011},  publisher={INTECH Open Access Publisher},
  note= {Available at \url{https://www.intechopen.com/books/howtoreference/new-trends-and-developments-in-automotive-system-engineering/urban-and-extra-urban-vehicles-re-thinking-the-vehicle-design}}
}
@article{Saeedi, 
	author = {Saeedi,  and Kazemi,  and AWT TAG},  
	title = {Stability of Three-Wheeled Vehicles with and without Control System}, 
	volume = {3},  URL = {http://www.iust.ac.ir/ijae/article-1-180-en.html},  
	eprint = {http://www.iust.ac.ir/ijae/article-1-180-en.},  
	journal = { International Journal of Automotive Engineering },
	year = {2013},note= {Available at \url{http://www.iust.ac.ir/ijae/article-1-180-en.html}}
}
@article{bath19341,
	volume = {48}, number = {7}, month = {July},
	author = {M Barker and Benjamin Drew and Jocelyn Darling and Kevin A Edge and Geraint W Owen},
	title = {Steady-state steering of a tilting three-wheeled vehicle},
	journal = {Vehicle System Dynamics}, pages = {815--830}, year = {2010},
	keywords = {urban vehicle,narrow vehicle,cornering behaviour,steering response,clever,tilting vehicle,1f1t},
	url = {http://opus.bath.ac.uk/19341/}, doi = {10.1080/00423110903147474},
	note= {Available at \url{http://opus.bath.ac.uk/19341/}}        
}
@inproceedings{bath15090,
       booktitle = {FISITA World Automotive Congress 2008},
           month = {September},
           title = {The dynamics of a three-wheeled narrow-track tilting vehicle},
          author = {Johan Berote and Auguste Van Poelgeest and Jocelyn Darling and Kevin A Edge and Andrew Plummer},
            year = {2008},
         journal = {FISITA World Automotive Congress 2008},
             url = {http://opus.bath.ac.uk/15090/},
        	note= {Paper number: F2008-SC-032. Available at \url{http://opus.bath.ac.uk/15090/}}
}
@unpublished{bath24680,
           month = {January},
           title = {The Dynamics and Control of a Three-Wheeled Tilting Vehicle},
          school = {University of Bath},
          author = {Auguste Van Poelgeest},
            year = {2011},
        keywords = {control systems,computer modelling,vehicle dynamics},
             url = {http://opus.bath.ac.uk/24680/},
             note= {Available at \url{http://opus.bath.ac.uk/24680/}}
}
@unpublished{bath24682,
           title = {Dynamics and Control of a Tilting Three Wheeled Vehicle},
          school = {University of Bath},
          author = {Johan J H Berote},
            year = {2010},
        keywords = {control,leaning,tilting,dynamics,three-wheeled vehicle},
             url = {http://opus.bath.ac.uk/24682/},
             note= {Available at \url{http://opus.bath.ac.uk/24680/}}
}
@INPROCEEDINGS{6315042, 
	author={L. Mourad and F. Claveau and P. Chevrel}, 
	booktitle={2012 American Control Conference (ACC)}, 
	title={Design of a two DOF gain scheduled frequency shaped LQ controller for Narrow Tilting Vehicles}, 
	year={2012}, 
	pages={6739-6744}, 
	keywords={acceleration control;attitude control;automobiles;frequency control;linear quadratic control;mechanical stability;motorcycles;steering systems;trajectory control;vehicle dynamics;2 DOF gain scheduled frequency shaped LQ controller;LPV controller;NTV;breadth ratio;car convergence;driver comfort;height ratio;lateral stability maintenance;motorcycle convergence;narrow tilting vehicles;optimal H2 problem;perceived lateral acceleration reduction;steering angle model;vehicle model;vehicle trajectory;Acceleration;Feedforward neural networks;Stability analysis;Torque;Trajectory;Vectors;Vehicles}, 
	doi={10.1109/ACC.2012.6315042}, ISSN={0743-1619}, month={June},
	note= {Available at \url{http://ieeexplore.ieee.org/abstract/document/6315042/}}
}
@article{doi:10.1080/00423119708969321,
	author = { Sang-Gyun So and Dean Karnoop},
	title = {Active Dual Mode Tilt Control for Narrow Ground Vehicles},
	journal = {Vehicle System Dynamics},
	volume = {27},
	number = {1},
	pages = {19-36},
	year = {1997},
	doi = {10.1080/00423119708969321},
	URL = {http://dx.doi.org/10.1080/00423119708969321},
	eprint = {http://dx.doi.org/10.1080/00423119708969321},
	note= {Available at \url{http://dx.doi.org/10.1080/00423119708969321}}
}
@article{doi:10.1504/IJVD.1997.062071,
author = {Sang-Gyun So and Dean Karnopp},
title = {Switching strategies for narrow ground vehicles with dual mode automatic tilt control},
journal = {International Journal of Vehicle Design},
volume = {18},
number = {5},
pages = {518-532},
year = {1997},
doi = {10.1504/IJVD.1997.062071},
URL = {http://www.inderscienceonline.com/doi/abs/10.1504/IJVD.1997.062071},
note= {Url:\url{http://www.inderscienceonline.com/doi/abs/10.1504/IJVD.1997.062071}}
    
},
@inproceedings{nurse2015tilting,
  title={Tilting Human Powered Trikes: Principles, Designs and New Developments.},
  author={Nurse, Stephen and Richardson, Mark and Napper, Robbie},
  booktitle={Australasian Transport Research Forum (ATRF), 37th, 2015, Sydney, New South Wales, Australia},  year={2015}, note= {Available at \url{http://atrf.info/papers/2015/index.aspx}}
}
@article{hibbard1996twenty,
  title={Twenty first century transportation system solutions-A new type of small, relatively tall and narrow active tilting commuter vehicle},
  author={Hibbard, Robin and Karnopp, Dean},
  journal={Vehicle system dynamics},
  volume={25},
  number={5},
  pages={321--347},
  year={1996},
  publisher={Taylor \& Francis},
  note={Available at \url{http://dx.doi.org/10.1080/00423119608968970}}
}





%Amazon
%Articles
@article{bhatt2015amazon,
  title={Amazon Review Classification and Sentiment Analysis},
  author={Bhatt, Aashutosh and Patel, Ankit and Chheda, Harsh and Gawande, Kiran},
  journal={International Journal of Computer Science and Information Technologies},
  volume={6},  number={6},  pages={5107--5110},  year={2015},  publisher={Citeseer},
  note= {Available at \url{http://citeseerx.ist.psu.edu/viewdoc/download?doi=10.1.1.736.4819&rep=rep1&type=pdf}}
}

@article{chakankarsentiment,
  title={Sentiment analysis of users’ reviews and comments},
  author={Chakankar, Abhijit and Mathur, Sanjukta Pal and Venuturimilli, Krishna},
  note= {Available at \url{https://pdfs.semanticscholar.org/ab8f/62c23b116ab51224e743f4c45871f8bbe995.pdf}}
}
@Inbook{Mukherjee2012,
	author="Mukherjee, Subhabrata and Bhattacharyya, Pushpak",
	editor="Gelbukh, Alexander", title="Feature Specific Sentiment Analysis for Product Reviews",
	bookTitle="Computational Linguistics and Intelligent Text Processing: 13th International Conference, CICLing 2012, New Delhi, India, March 11-17, 2012, Proceedings, Part I", year="2012",
	publisher="Springer Berlin Heidelberg", address="Berlin, Heidelberg", pages="475--487",
	isbn="978-3-642-28604-9", doi="10.1007/978-3-642-28604-9_39",
	url="http://dx.doi.org/10.1007/978-3-642-28604-9_39",
	note= {Available at \url{http://dx.doi.org/10.1007/978-3-642-28604-9_39}}
}
@article{rain2013sentiment,
  title={Sentiment Analysis in Amazon Reviews Using Probabilistic Machine Learning},
  author={Rain, Callen},  journal={Swarthmore College},  year={2013},
  note= {Available at \url{https://pdfs.semanticscholar.org/f0af/e9ea9d286248336ee9dc4e954aecde3475bb.pdf}}
}
%Amazon Libraries
@misc{NLTK,
  author = {NLTK},
  title = {NLTK Source },  publisher = {GitHub},  journal = {GitHub repository},
  howpublished = {\url{https://github.com/nltk/nltk}},
  note = {Accessed: 2016-09-30}
}
@misc{amazonParser,
  author = {Andrea Esuli},
  title = {Amazon reviews downloader and parser},  publisher = {GitHub},  journal = {GitHub repository},
  howpublished = {\url{https://github.com/aesuli/Amazon-downloader}},
  note = {Accessed: 2016-09-30}
}
@misc{Brand2Vec,
  author = {https://github.com/dedert},
  title = {Visualizing and Extracting Keywords from reviews using Distributed Representation},  publisher = {GitHub},  journal = {GitHub repository},
  howpublished = {\url{https://github.com/dedert/Brand2Vec}},
}
@misc{fineFood1,
  author = {https://www.kaggle.com/madaha},
  title = {Word cloud of reviews sorted by score},  publisher = {GitHub},  journal = {GitHub repository},
  howpublished = {\url{https://www.kaggle.com/madaha/d/snap/amazon-fine-food-reviews/word-cloud-of-reviews-sorted-by-score}},
}



%Hardware
%Arduino Components
%Metal Sheets
%Bicycle Components
%Electronic Components: Wires, Lights
%
%Motor Components
%Battery Components
%Motor Controllers
%McMaster Components
%GrabCad Components
%Tubes

%Software
%Arduino Libraries
%Processing Libraries
%Matlab Packages
%Python Packages

%Fritzing
%BLDC Tool


%Cost
@book{ulrich2004product,
  title={Product Design and Development},
  author={Ulrich, K.T. and Eppinger, S.D.},
  isbn={9780072471465},
  lccn={30510300},
  series={McGraw-Hill/Irwin series in marketing},
  note={Available at \url{https://books.google.co.uz/books?id=Qju5AAAAIAAJ}},
  year={2004},
  publisher={McGraw-Hill/Irwin}
}

%miniPEV
@misc{miniPEV,
  author = {miniPEV video},
  note = {Available at \url{https://vimeo.com/188999255}}
}

@misc{deploydie,
  author = {Media Lab Director's new motto},
  note = {Available at \url{https://slice.mit.edu/2014/07/29/deploy-or-die-media-lab-directors-new-motto/}}
}
@misc{gear,
  author = {Solidworks Gear Generator},
  note = {Available at \url{https://www.thingiverse.com/thing:8077}}
}

@book{ergonomics,
  title={The Guide to Cycling Ergonomics },
  author={Ergotec},
  note={Available at \url{http://www.hr.ubc.ca/ergonomics/files/Bike-Ergonomics-reduced-size.pdf}},
  year={2012},
  publisher={Wilhelm Humpert GmbH & Co.}
}

@misc{ebikeling,
  author = {DC motor in rear wheel hub},
  note = {Available at \url{http://www.ebikeling.com/shop/electric-bicycle-36v-500w-geared-rear-26-kit-option-1}}
}
@misc{rotary,
  author = {Rotary Motion Position-Measuring Transmitter},
  note = {Available at \url{https://www.mcmaster.com/#16695t57/=17znmw6}}
}

